<?xml version="1.0" encoding="UTF-8"?><record xmlns="http://www.loc.gov/MARC21/slim" xmlns:cinclude="http://apache.org/cocoon/include/1.0" xmlns:zs="http://www.loc.gov/zing/srw/">
  <leader>00431nz  a2200145n  4500</leader>
  <controlfield tag="001">no2002080458</controlfield>
  <controlfield tag="003">DLC</controlfield>
  <controlfield tag="005">20020904071100.0</controlfield>
  <controlfield tag="008">020903n| acannaabn          |n aaa     c</controlfield>
  <datafield tag="010" ind1=" " ind2=" ">
    <subfield code="a">no2002080458</subfield>
  </datafield>
  <datafield tag="035" ind1=" " ind2=" ">
    <subfield code="a">(OCoLC)oca05854060</subfield>
  </datafield>
  <datafield tag="040" ind1=" " ind2=" ">
    <subfield code="a">NdU</subfield>
    <subfield code="b">eng</subfield>
    <subfield code="c">NdU</subfield>
  </datafield>
  <datafield tag="100" ind1="1" ind2=" ">
    <subfield code="a">Kannianen, Maria</subfield>
  </datafield>
  <datafield tag="670" ind1=" " ind2=" ">
    <subfield code="a">Moments of clarity, 2002:</subfield>
    <subfield code="b">t.p. (Maria Kannianen)</subfield>
  </datafield>
  <datafield tag="670" ind1=" " ind2=" ">
    <subfield code="a">University of North Dakota directory, 2000-2001:</subfield>
    <subfield code="b">(Maria Dawn Kannianen)</subfield>
  </datafield>
</record>